<record><leader>00000cas a22000007a 4500</leader><controlfield tag="001">9312343</controlfield><controlfield tag="008">830315d1875187umaudr ne      0    0eng d</controlfield><datafield ind1=" " ind2=" " tag="010"><subfield code="a">sn 83020263 </subfield></datafield><datafield ind1=" " ind2=" " tag="040"><subfield code="a">NPX</subfield><subfield code="b">eng</subfield><subfield code="c">NPX</subfield><subfield code="d">OCLCQ</subfield></datafield><datafield ind1=" " ind2=" " tag="042"><subfield code="a">msc</subfield></datafield><datafield ind1=" " ind2=" " tag="043"><subfield code="a">n-us-ma</subfield></datafield><datafield ind1="0" ind2="0" tag="245"><subfield code="a">Fitchburg daily press.</subfield></datafield><datafield ind1=" " ind2=" " tag="260"><subfield code="a">Fitchburg, Mass. :</subfield><subfield code="b">Piper &amp; Boutelle,</subfield><subfield code="c">1875-</subfield></datafield><datafield ind1=" " ind2=" " tag="300"><subfield code="a">v. ;</subfield><subfield code="c">57 cm.</subfield></datafield><datafield ind1=" " ind2=" " tag="310"><subfield code="a">Daily</subfield></datafield><datafield ind1="0" ind2=" " tag="362"><subfield code="a">Vol. 1, no. 1 (Nov. 24, 1875)-</subfield></datafield><datafield ind1=" " ind2=" " tag="500"><subfield code="a">" ... purely a campaign paper, ... [to] be published daily ... till after the city elections, say for two weeks."</subfield></datafield><datafield ind1=" " ind2=" " tag="500"><subfield code="a">Printers: Piper &amp; Boutelle.</subfield></datafield><datafield ind1=" " ind2=" " tag="752"><subfield code="a">United States</subfield><subfield code="b">Massachusetts</subfield><subfield code="c">Worcester</subfield><subfield code="d">Fitchburg.</subfield></datafield><datafield ind1=" " ind2=" " tag="936"><subfield code="a">1876 Jan. 18</subfield></datafield></record>